<?xml version="1.0" encoding="UTF-8"?><collection xmlns="http://www.loc.gov/MARC21/slim"><record><leader>00417nam--2200133-i-4500</leader><controlfield tag="001">000029467</controlfield><controlfield tag="002">20161230</controlfield><controlfield tag="005">20161230201037</controlfield><controlfield tag="008">060222s1000------------r-----000-0-eng-d</controlfield><datafield ind1=" " ind2=" " tag="080"><subfield code="a">621.382</subfield></datafield><datafield ind1=" " ind2=" " tag="100"><subfield code="a">Labuntov, V.A., Tugov, N.M</subfield></datafield><datafield ind1=" " ind2=" " tag="245"><subfield code="a">Tristoare de putere.regimuri dinamice de exploatare.traducere si adaptare din lb.rusa:conf.dr.ing.emil micu</subfield></datafield><datafield ind1=" " ind2=" " tag="260"><subfield code="a">Bucuresti, Editura Tehnica, 1977. 203p</subfield></datafield><datafield ind1=" " ind2=" " tag="852"><subfield code="a">71964</subfield></datafield></record></collection>